<record><leader>02516nam a2200565 i 4500</leader><controlfield tag="001">6810802</controlfield><controlfield tag="003">CaOOAMICUS</controlfield><controlfield tag="005">20150203104412.0</controlfield><controlfield tag="006">m     o  d f      </controlfield><controlfield tag="007">cr cn</controlfield><controlfield tag="008">150121t20152015onca    ob   f000 0 eng  </controlfield><datafield ind1=" " ind2=" " tag="016"><subfield code="a">20157006069</subfield></datafield><datafield ind1=" " ind2=" " tag="035"><subfield code="a">ocn902919122</subfield></datafield><datafield ind1=" " ind2=" " tag="039"><subfield code="a">exclude</subfield></datafield><datafield ind1=" " ind2=" " tag="040"><subfield code="a">CaOONL</subfield><subfield code="b">eng</subfield><subfield code="e">rda</subfield><subfield code="c">CaOONL</subfield><subfield code="d">AEU</subfield></datafield><datafield ind1="0" ind2=" " tag="041"><subfield code="a">eng</subfield><subfield code="b">eng</subfield><subfield code="b">fre</subfield></datafield><datafield ind1=" " ind2=" " tag="043"><subfield code="a">n-us---</subfield></datafield><datafield ind1="0" ind2=" " tag="082"><subfield code="a">332.7/20973</subfield><subfield code="2">23</subfield></datafield><datafield ind1="1" ind2=" " tag="086"><subfield code="a">FB3-2/115-1E-PDF</subfield></datafield><datafield ind1=" " ind2=" " tag="090"><subfield code="a">Internet Access</subfield><subfield code="b">AEU</subfield></datafield><datafield ind1="1" ind2=" " tag="100"><subfield code="a">Lin, Zhenguo,</subfield><subfield code="e">author.</subfield></datafield><datafield ind1="1" ind2="0" tag="245"><subfield code="a">Immigrants and mortgage delinquency in the United States /</subfield><subfield code="c">by Zhenguo Lin, Yingchun Liu and Jia Xie.</subfield></datafield><datafield ind1=" " ind2="1" tag="264"><subfield code="a">Ottawa, Ontario :</subfield><subfield code="b">Bank of Canada = Banque du Canada,</subfield><subfield code="c">2015.</subfield></datafield><datafield ind1=" " ind2="4" tag="264"><subfield code="c">&#169;2015</subfield></datafield><datafield ind1=" " ind2=" " tag="300"><subfield code="a">1 online resource (iii, 35, that is, 34 pages).</subfield></datafield><datafield ind1=" " ind2=" " tag="336"><subfield code="a">text</subfield><subfield code="b">txt</subfield><subfield code="2">rdacontent</subfield></datafield><datafield ind1=" " ind2=" " tag="337"><subfield code="a">computer</subfield><subfield code="b">c</subfield><subfield code="2">rdamedia</subfield></datafield><datafield ind1=" " ind2=" " tag="338"><subfield code="a">online resource</subfield><subfield code="b">cr</subfield><subfield code="2">rdacarrier</subfield></datafield><datafield ind1="1" ind2=" " tag="490"><subfield code="a">Bank of Canada working paper,</subfield><subfield code="x">1701-9397 ;</subfield><subfield code="v">2015-1</subfield></datafield><datafield ind1=" " ind2=" " tag="500"><subfield code="a">Distributed by the Government of Canada Depository Services Program (Weekly checklist 2015-03).</subfield></datafield><datafield ind1=" " ind2=" " tag="500"><subfield code="a">"January 2015."</subfield></datafield><datafield ind1=" " ind2=" " tag="504"><subfield code="a">Includes bibliographical references.</subfield></datafield><datafield ind1=" " ind2=" " tag="546"><subfield code="a">Includes abstracts in English and French.</subfield></datafield><datafield ind1=" " ind2=" " tag="596"><subfield code="a">13 44 57</subfield></datafield><datafield ind1=" " ind2="0" tag="650"><subfield code="a">Immigrants</subfield><subfield code="z">United States</subfield><subfield code="x">Economic conditions.</subfield></datafield><datafield ind1=" " ind2="0" tag="650"><subfield code="a">Emigration and immigration</subfield><subfield code="x">Economic aspects</subfield><subfield code="z">United States.</subfield></datafield><datafield ind1=" " ind2="0" tag="650"><subfield code="a">Mortgage loans</subfield><subfield code="z">United States.</subfield></datafield><datafield ind1=" " ind2="6" tag="650"><subfield code="a">Immigrants</subfield><subfield code="z">&#201;tats-Unis</subfield><subfield code="x">Conditions &#233;conomiques.</subfield></datafield><datafield ind1=" " ind2="6" tag="650"><subfield code="a">&#201;migration et immigration</subfield><subfield code="x">Aspect &#233;conomique</subfield><subfield code="z">&#201;tats-Unis.</subfield></datafield><datafield ind1=" " ind2="6" tag="650"><subfield code="a">Pr&#234;ts hypoth&#233;caires</subfield><subfield code="z">&#201;tats-Unis.</subfield></datafield><datafield ind1="2" ind2=" " tag="710"><subfield code="a">Bank of Canada,</subfield><subfield code="e">issuing body.</subfield></datafield><datafield ind1=" " ind2="0" tag="830"><subfield code="a">Working paper (Bank of Canada) ;</subfield><subfield code="v">2015-1.</subfield></datafield><datafield ind1="4" ind2="0" tag="856"><subfield code="3">Free Access</subfield><subfield code="u">http://epe.lac-bac.gc.ca/100/201/301/weekly_checklist/2015/internet/w15-03-F-E.html/collections/collection_2015/banque-bank-canada/FB3-2-115-1-eng.pdf</subfield></datafield><datafield ind1="4" ind2="0" tag="856"><subfield code="3">Free Access</subfield><subfield code="u">http://publications.gc.ca/collections/collection_2015/banque-bank-canada/FB3-2-115-1-eng.pdf</subfield></datafield><datafield ind1=" " ind2=" " tag="949"><subfield code="h">UAIN</subfield><subfield code="m">NEOS_FREE</subfield><subfield code="z">DSP</subfield></datafield><datafield ind1=" " ind2=" " tag="949"><subfield code="h">UAIN</subfield><subfield code="z">DSP</subfield></datafield><datafield ind1=" " ind2=" " tag="949"><subfield code="h">UAIN</subfield><subfield code="m">GR_MAC_INT</subfield><subfield code="z">DSP</subfield></datafield><datafield ind1=" " ind2=" " tag="926"><subfield code="a">Internet Access</subfield><subfield code="w">LC</subfield><subfield code="c">1</subfield><subfield code="i">6810802-1001</subfield><subfield code="l">INTERNET</subfield><subfield code="m">NEOS_FREE</subfield><subfield code="r">Y</subfield><subfield code="s">Y</subfield><subfield code="t">E-RESOURCE</subfield><subfield code="u">2/23/2015</subfield><subfield code="x">E-BOOK</subfield><subfield code="z">DSP</subfield></datafield><datafield ind1=" " ind2=" " tag="926"><subfield code="a">Internet Access</subfield><subfield code="w">LC</subfield><subfield code="c">1</subfield><subfield code="i">6810802-2001</subfield><subfield code="l">INTERNET</subfield><subfield code="m">UAINTERNET</subfield><subfield code="r">Y</subfield><subfield code="s">Y</subfield><subfield code="t">E-RESOURCE</subfield><subfield code="u">2/23/2015</subfield><subfield code="x">E-BOOK</subfield><subfield code="z">DSP</subfield></datafield><datafield ind1=" " ind2=" " tag="926"><subfield code="a">Internet Access</subfield><subfield code="w">LC</subfield><subfield code="c">1</subfield><subfield code="i">6810802-3001</subfield><subfield code="l">INTERNET</subfield><subfield code="m">GR_MAC_INT</subfield><subfield code="r">Y</subfield><subfield code="s">Y</subfield><subfield code="t">E-RESOURCE</subfield><subfield code="u">2/23/2015</subfield><subfield code="x">E-BOOK</subfield><subfield code="z">DSP</subfield></datafield></record>